0110278    02204EUR2 00012345603  060420                                                  0000000166956E060420070420    
0410556677202204EUR2 00012345603B1070420  070420PRLV SEPA ONLINE SAS             0000000000000000000227R                
0510556677202204EUR2 00012345603B1070420     LIBDEDIBOX 3706114                                                         
0710278    02204EUR2 00012345603  070420                                                  0000000166728F                
0110278    02204EUR2 00020427603  070420                                                  0000000166728F070420080420    
0410556677202204EUR2 00020427603B1080420  080420PRLV SEPA FREE MOBILE            0000000000000000000201J                
0410278000202204EUR2 0002042760306080420  080420VIR JOHNDOE / FOOBAR             0000000000000000050000}                
0710278    02204EUR2 00020427603  080420                                                  0000000116527E                
0110278    02204EUR2 00020427603  080420                                                  0000000116527E080420090420    
0710278    02204EUR2 00020427603  090420                                                  0000000116527E                
0110278    02204EUR2 00020427603  090420                                                  0000000116527E090420100420    
0410278085902204EUR2 0002042760362100420  010420FACTURE SGT20022040001692        0001692100000000001177N                
0510278085902204EUR2 0002042760362100420     LIBDONT TVA 11 39EUR                                                       
0710278    02204EUR2 00020427603  100420                                                  0000000115350{                
0110278    02204EUR2 00020427603  100420                                                  0000000115350{100420130420    
0710278    02204EUR2 00020427603  130420                                                  0000000115350{                
0110278    02204EUR2 00020427603  130420                                                  0000000115350{130420140420    
0410556677202204EUR2 00020427603B1140420  140420PRLV SEPA OVH SAS                0000000000000000000502N                
0510556677202204EUR2 00020427603B1140420     LIBPAYMENT ORDER 124359169                                                 
0510556677202204EUR2 00020427603B1140420     LIBERS INF ORDER 124359169                                                 
0710278    02204EUR2 00020427603  140420                                                  0000000114847E                
0110278    02204EUR2 00020427603  140420                                                  0000000114847E140420150420    
0710278    02204EUR2 00020427603  150420                                                  0000000114847E                
0710278    02204EUR2 00020427603  230420                                                  0000005843530B                
0110278    02204EUR2 00020427603  230420        ** PAS DE MOUVEMENT CE JOUR **            0000005843530B  081           
0710278    02204EUR2 00020427603  240420        ------------------------------            0000005843530B                


