0130087    33608EUR2 00012345601  110222                                                  0000000000186B110222140222    
0730087    33608EUR2 00012345601  140222                                                  0000000000186B                
0130087000033608EUR2 0001234570100270122  000000                                 0000000000000000000000{270122          
0730087    33608EUR2 00012345701  270122                                                  0000000000000{                
0130087000033608EUR2 0001234570100270122  000000                                 0000000000000000000000{270122          
0730087    33608EUR2 00012345701  270122                                                  0000000000000{                
0130087000033608EUR2 0001234570100270122  000000                                 0000000000000000000000{270122          
0730087    33608EUR2 00012345701  270122                                                  0000000000000{                
0130087000033608EUR2 0001234570100270122  000000                                 0000000000000000000000{270122          
0730087    33608EUR2 00012345701  270122                                                  0000000000000{                
0130087000033608EUR2 0001234570100270122  000000                                 0000000000000000000000{270122          
0730087    33608EUR2 00012345701  270122                                                  0000000000000{                
0130087000033608EUR2 0001234570100270122  000000                                 0000000000000000000000{270122          
0730087    33608EUR2 00012345701  270122                                                  0000000000000{                
0130087    33600EUR2 00012345801  270122                                                  0000000198757B270122280122    
0730087    33600EUR2 00012345801  280122                                                  0000000198757B                
